<record><leader>00000cas a2200000 a 4500</leader><controlfield tag="001">2666015</controlfield><controlfield tag="008">770107d186u186ualudr ne      0   a0eng  </controlfield><datafield ind1=" " ind2=" " tag="010"><subfield code="a">sn 84020226 </subfield><subfield code="z">   76643880 </subfield></datafield><datafield ind1=" " ind2=" " tag="040"><subfield code="a">DLC</subfield><subfield code="b">eng</subfield><subfield code="c">DLC</subfield><subfield code="d">NPV</subfield><subfield code="d">NPX</subfield><subfield code="d">DLC</subfield><subfield code="d">CPN</subfield><subfield code="d">NLG</subfield><subfield code="d">MGN</subfield><subfield code="d">NVF</subfield><subfield code="d">CVF</subfield><subfield code="d">CUI</subfield><subfield code="d">OCLCQ</subfield><subfield code="d">OCLCF</subfield></datafield><datafield ind1="1" ind2=" " tag="029"><subfield code="a">AU@</subfield><subfield code="b">000025807149</subfield></datafield><datafield ind1=" " ind2=" " tag="042"><subfield code="a">pcc</subfield></datafield><datafield ind1=" " ind2=" " tag="043"><subfield code="a">n-us-al</subfield></datafield><datafield ind1="0" ind2="0" tag="050"><subfield code="a">Newspaper 7003-X</subfield></datafield><datafield ind1=" " ind2="4" tag="050"><subfield code="a">AN</subfield></datafield><datafield ind1="0" ind2="0" tag="245"><subfield code="a">Mobile evening telegraph.</subfield></datafield><datafield ind1=" " ind2=" " tag="260"><subfield code="a">Mobile, Ala. :</subfield><subfield code="b">H. Ballentyne &amp; Co.</subfield></datafield><datafield ind1=" " ind2=" " tag="300"><subfield code="a">v. ;</subfield><subfield code="c">69 cm.</subfield></datafield><datafield ind1=" " ind2=" " tag="310"><subfield code="a">Daily</subfield></datafield><datafield ind1=" " ind2=" " tag="500"><subfield code="a">Crandall: 5220.</subfield></datafield><datafield ind1=" " ind2=" " tag="500"><subfield code="a">Published from the office of: Mobile daily tribune (Mobile, Ala. : 1853).</subfield></datafield><datafield ind1=" " ind2=" " tag="500"><subfield code="a">Editor: H. Ballentyne, &lt;1864&gt;.</subfield></datafield><datafield ind1=" " ind2=" " tag="530"><subfield code="a">Also issued on microfilm from the University of Alabama; The State Historical Society of Wisconsin.</subfield></datafield><datafield ind1=" " ind2=" " tag="588"><subfield code="a">Description based on: Feb. 27, 1862.</subfield></datafield><datafield ind1=" " ind2="0" tag="651"><subfield code="a">Mobile (Ala.)</subfield><subfield code="v">Newspapers.</subfield></datafield><datafield ind1=" " ind2="0" tag="651"><subfield code="a">Mobile County (Ala.)</subfield><subfield code="v">Newspapers.</subfield></datafield><datafield ind1=" " ind2="7" tag="655"><subfield code="a">Newspapers.</subfield><subfield code="2">fast</subfield><subfield code="0">(OCoLC)fst01423814</subfield></datafield><datafield ind1=" " ind2="7" tag="651"><subfield code="a">Alabama</subfield><subfield code="z">Mobile.</subfield><subfield code="2">fast</subfield><subfield code="0">(OCoLC)fst01206367</subfield></datafield><datafield ind1=" " ind2="7" tag="651"><subfield code="a">Alabama</subfield><subfield code="z">Mobile County.</subfield><subfield code="2">fast</subfield><subfield code="0">(OCoLC)fst01211225</subfield></datafield><datafield ind1="1" ind2=" " tag="700"><subfield code="a">Ballentyne, H.</subfield></datafield><datafield ind1=" " ind2=" " tag="752"><subfield code="a">United States</subfield><subfield code="b">Alabama</subfield><subfield code="c">Mobile</subfield><subfield code="d">Mobile.</subfield></datafield><datafield ind1="0" ind2="0" tag="785"><subfield code="t">Mobile evening tribune</subfield><subfield code="w">(DLC)sn 85044826</subfield><subfield code="w">(OCoLC)12279389</subfield></datafield><datafield ind1="1" ind2=" " tag="787"><subfield code="t">Mobile daily tribune (Mobile, Ala. : 1853)</subfield><subfield code="w">(DLC)sn 84021929</subfield><subfield code="w">(OCoLC)2684962</subfield></datafield></record>